<?xml version="1.0" encoding="UTF-8"?><collection xmlns="http://www.loc.gov/MARC21/slim"><record><leader>00568nam--2200169-i-4500</leader><controlfield tag="001">000048163</controlfield><controlfield tag="002">20161230</controlfield><controlfield tag="005">20161230201046</controlfield><controlfield tag="008">060222s1000------------r-----000-0-ger-d</controlfield><datafield ind1=" " ind2=" " tag="040"><subfield code="a">IFIN-HH</subfield></datafield><datafield ind1=" " ind2=" " tag="041"><subfield code="a">ger</subfield></datafield><datafield ind1=" " ind2=" " tag="080"><subfield code="a">533.59(043)</subfield></datafield><datafield ind1="1" ind2=" " tag="100"><subfield code="a">Wiedenmann, Hans-Martin</subfield></datafield><datafield ind1="1" ind2="0" tag="245"><subfield code="a">Untersuchung der einachsigen und der lokalen Anisotropie dunner Permalloy-Schichten durch Tempern im Ultra-Hochvakuum</subfield><subfield code="b">Inaugural Dissertation zur Erlangung der Doktorwurde</subfield><subfield code="c">Hans-Martin Wiedenmann</subfield></datafield><datafield ind1=" " ind2=" " tag="260"><subfield code="a">Munchen</subfield><subfield code="c">1970</subfield></datafield><datafield ind1=" " ind2=" " tag="852"><subfield code="a">78266</subfield><subfield code="c">534</subfield></datafield><datafield ind1=" " ind2=" " tag="CAT"><subfield code="a">Sys</subfield><subfield code="c">20101013</subfield><subfield code="h">141049</subfield></datafield></record></collection>